<?xml version="1.0" encoding="UTF-8"?><collection xmlns="http://www.loc.gov/MARC21/slim"><record><leader>00411nam--2200145-i-4500</leader><controlfield tag="001">000024606</controlfield><controlfield tag="002">20161230</controlfield><controlfield tag="005">20161230201035</controlfield><controlfield tag="008">060222s1000------------r-----000-0-eng-d</controlfield><datafield ind1=" " ind2=" " tag="080"><subfield code="a">51:53</subfield></datafield><datafield ind1=" " ind2=" " tag="100"><subfield code="a">Heber, Gerhard</subfield></datafield><datafield ind1=" " ind2=" " tag="245"><subfield code="a">Mathematische hilfsmittel der physik ii. mit 25 abbildungen</subfield></datafield><datafield ind1=" " ind2=" " tag="260"><subfield code="a">Berlin, Akademie-verlag, 1966, 162p</subfield></datafield><datafield ind1=" " ind2=" " tag="490"><subfield code="a">Wtb. Wissenschaftliche Taschenbucher Bd.36</subfield></datafield><datafield ind1=" " ind2=" " tag="852"><subfield code="a">24775</subfield></datafield></record></collection>